@PREAMBLE{
 "\providecommand{\noopsort}[1]{}" 
 # "\providecommand{\singleletter}[1]{#1}%" 
}

@INPROCEEDINGS{antonik2016,
 author = {Antonik, Piotr and Hermans, Michiel and Duport, Fran\c{c}ois and Haelterman, Marc and Massar, Serge},
 title = {Towards pattern generation and chaotic series prediction with photonic reservoir computers},
 booktitle = {Proceedings of SPIE},
 volume = {9732},
 pages = {97320B},
 numpages = {12},
 number = {},
 year = {2016},
 doi = {10.1117/12.2210948},
 url = {https://doi.org/10.1117/12.2210948}
}

@BOOK{abarbanel1996,
	Address = {New York},
	Author = {Abarbanel, H.  D.  I. },
	Date = {1996///},
	Date-Added = {2017-12-06 19:37:39 +0000},
	Date-Modified = {2017-12-06 19:37:39 +0000},
	Db = {/z-wcorg/},
	Dp = {http://worldcat.org},
	Id = {32469054},
	Isbn = {0387945237 9780387945231 0387983724 9780387983721},
	La = {English},
	Publisher = {Springer},
	Title = {Analysis of observed chaotic data},
	Ty = {BOOK},
	Year = {1996},
    pages = {39--67},
    url = {https://worldcat.org/oclc/32469054}
}

@ARTICLE{barbosa2021,
  title = {Symmetry-Aware Reservoir Computing}, 
  author = {Wendson A. S. Barbosa and Aaron Griffith and Graham E. Rowlands and Luke C. G. Govia and Guilhem J. Ribeill and Minh-Hai Nguyen and Thomas A. Ohki and Daniel J. Gauthier},
  year = {2021},
  eprint = {2102.00310},
  archivePrefix = {arXiv},
  primaryClass = {cs.NE},
  timestamp = {Wed, 14 Apr 2021 15:17:35 UTC},
  url = {https://arxiv.org/abs/2102.00310}
}

@ARTICLE{bengio1994,
 author = {Bengio, Y. and Simard, P. and Frasconi, P.},
 title = {Learning Long-term Dependencies with Gradient Descent is Difficult},
 journal = {Trans. Neur. Netw.},
 issue_date = {March 1994},
 volume = {5},
 number = {2},
 month = mar,
 year = {1994},
 issn = {1045-9227},
 pages = {157--166},
 numpages = {10},
 url = {https://doi.org/10.1109/72.279181},
 doi = {10.1109/72.279181},
 acmid = {2328340},
 publisher = {IEEE}
}

@article{bollt2021,
  author = {Bollt,Erik },
  title = {On explaining the surprising success of reservoir computing forecaster of chaos? The universal machine learning dynamical system with contrast to VAR and DMD},
  journal = {Chaos: An Interdisciplinary Journal of Nonlinear Science},
  volume = {31},
  number = {1},
  pages = {013108},
  year = {2021},
  doi = {10.1063/5.0024890},
  url = {https://doi.org/10.1063/5.0024890},
}

@ARTICLE{bradley2015,
 author = {Elizabeth Bradley and Holger Kantz},
 title = {Nonlinear time-series analysis revisited},
 journal = {Chaos: An Interdisciplinary Journal of Nonlinear Science},
 volume = {25},
 number = {9},
 pages = {097610},
 year = {2015},
 doi = {10.1063/1.4917289},
 url = {https://doi.org/10.1063/1.4917289}
}

@ARTICLE{canaday2018,
 author = {Canaday, Daniel and Griffith, Aaron and Gauthier, Daniel J.},
 title = {Rapid time series prediction with a hardware-based reservoir computer},
 journal = {Chaos: An Interdisciplinary Journal of Nonlinear Science},
 volume = {28},
 pages = {123119},
 year = {2018},
 doi = {10.1063/1.5048199},
 url = {https://doi.org/10.1063/1.5048199}
}

@ARTICLE{csabai1991,
 title = {Quark- and gluon-jet separation using neural networks},
 author = {Csabai, I. and Czak\'o, F. and Fodor, Z.},
 journal = {Phys. Rev. D},
 volume = {44},
 issue = {7},
 pages = {R1905--R1908},
 numpages = {0},
 year = {1991},
 month = {Oct},
 publisher = {American Physical Society},
 doi = {10.1103/PhysRevD.44.R1905},
 url = {https://doi.org/10.1103/PhysRevD.44.R1905}
}

@ARTICLE{dormand1980,
 title = {A family of embedded Runge-Kutta formulae},
 journal = {Journal of Computational and Applied Mathematics},
 volume = {6},
 number = {1},
 pages = {19--26},
 year = {1980},
 issn = {0377-0427},
 author = {Dormand, J. R. and Prince, P. J.},
 doi = {10.1016/0771-050X(80)90013-3},
 url = {https://doi.org/10.1016/0771-050X(80)90013-3}
}

@INPROCEEDINGS{garcia-pedrero2010, 
 author={A. Garcia-Pedrero and P. Gomez-Gil}, 
 booktitle={2010 20th International Conference on Electronics Communications and Computers (CONIELECOMP)},
 title={Time series forecasting using recurrent neural networks and wavelet reconstructed signals}, 
 year={2010}, 
 pages={169-173}, 
 doi={10.1109/CONIELECOMP.2010.5440775},
 url={https://doi.org/10.1109/CONIELECOMP.2010.5440775},
 month={Feb}
}

@ARTICLE{gauthier1996,
 title = {Intermittent Loss of Synchronization in Coupled Chaotic Oscillators: Toward a New Criterion for High-Quality Synchronization},
 author = {Gauthier, Daniel J. and Bienfang, Joshua C.},
 journal = {Phys. Rev. Lett.},
 volume = {77},
 issue = {9},
 pages = {1751--1754},
 year = {1996},
 month = {Aug},
 publisher = {American Physical Society},
 doi = {10.1103/PhysRevLett.77.1751},
 url = {https://doi.org/10.1103/PhysRevLett.77.1751}
}

@ARTICLE{gauthier2021,
 author = {Gauthier, Daniel J. and Bollt, Erik and Griffith, Aaron and Barbosa, Wendson A. S.},
 title = {Next Generation Reservoir Computing},
 year = {2021},
 archivePrefix = {arXiv},
 eprint = {2106.07688},
 primaryClass = {cs.LG},
 timestamp = {Mon, 14 Jun 2021 18:12:10 UTC},
 url = {https://arxiv.org/abs/2106.07688}
}

@article{griffith2019,
  author = {Griffith,Aaron  and Pomerance,Andrew  and Gauthier,Daniel J. },
  title = {Forecasting chaotic systems with very low connectivity reservoir computers},
  journal = {Chaos: An Interdisciplinary Journal of Nonlinear Science},
  volume = {29},
  number = {12},
  pages = {123108},
  year = {2019},
  doi = {10.1063/1.5120710},
  url = {https://doi.org/10.1063/1.5120710}
}

@ARTICLE{haluszczynski2019,
 author = {Haluszczynski, Alexander and R{\"{a}}th, Christoph},
 title = {Good and bad predictions: Assessing and improving the replication of chaotic attractors by means of reservoir computing},
 year = {2019},
 archivePrefix = {arXiv},
 eprint = {1907.05639},
 primaryClass = {physics.data-an},
 timestamp = {Fri, 12 Jul 2019 09:21:56 UTC},
 url = {https://arxiv.org/abs/1907.05639}
}

@ARTICLE{haynes2015,
 title = {Reservoir computing with a single time-delay autonomous Boolean node},
 author = {Haynes, Nicholas D. and Soriano, Miguel C. and Rosin, David P. and Fischer, Ingo and Gauthier, Daniel J.},
 journal = {Phys. Rev. E},
 volume = {91},
 issue = {2},
 pages = {020801},
 numpages = {5},
 year = {2015},
 month = {Feb},
 publisher = {American Physical Society},
 doi = {10.1103/PhysRevE.91.020801},
 url = {https://doi.org/10.1103/PhysRevE.91.020801}
}

@ARTICLE{herteux2020,
  author = {Herteux,Joschka  and R{\"{a}}th,Christoph },
  title = {Breaking symmetries of the reservoir equations in echo state networks},
  journal = {Chaos: An Interdisciplinary Journal of Nonlinear Science},
  volume = {30},
  number = {12},
  pages = {123142},
  year = {2020},
  doi = {10.1063/5.0028993},
  url = {https://doi.org/10.1063/5.0028993}
}

@ARTICLE{hinton2012,
 author = {Hinton, Geoffrey and Deng, Li and Yu, Dong and Dahl, George and Mohamed, Abdel-rahman and Jaitly, Navdeep and Senior, Andrew and Vanhoucke, Vincent and Nguyen, Patrick and Kingsbury, Brian and Sainath, Tara},
 title = {Deep Neural Networks for Acoustic Modeling in Speech Recognition},
 year = {2012},
 month = {November},
 url = {https://doi.org/10.1109/MSP.2012.2205597},
 doi = {10.1109/MSP.2012.2205597},
 pages = {82-97},
 journal = {IEEE Signal Processing Magazine},
 volume = {29},
}

@ARTICLE{ishar2019,
 title={Metric for attractor overlap},
 volume={874},
 journal={Journal of Fluid Mechanics},
 publisher={Cambridge University Press},
 author={Ishar, Rishabh and Kaiser, Eurika and Morzy{\'{n}}ski, Marek and Fernex, Daniel and Semaan, Richard and Albers, Marian and Meysonnat, Pascal S. and Schr{\"{o}}der, Wolfgang and Noack, Bernd R.},
 year={2019},
 pages={720â€“755},
 doi={10.1017/jfm.2019.447},
 url={https://doi.org/10.1017/jfm.2019.447}
}

@ARTICLE{jaeger1978,
 author = {Jaeger, Herbert and Haas, Harald},
 title = {Harnessing Nonlinearity: Predicting Chaotic Systems and Saving Energy in Wireless Communication},
 volume = {304},
 number = {5667},
 pages = {78--80},
 year = {2004},
 doi = {10.1126/science.1091277},
 publisher = {American Association for the Advancement of Science},
 issn = {0036-8075},
 url = {https://doi.org/10.1126/science.1091277},
 journal = {Science}
}

@ARTICLE{jaeger2001,
 title = {The ``echo state'' approach to analysing and training recurrent neural networks-with an erratum note},
 author = {Jaeger, Herbert},
 journal = {Bonn, Germany: German National Research Center for Information Technology GMD Technical Report},
 volume = {148},
 number = {34},
 pages = {13},
 year = {2001},
 url = {https://www.researchgate.net/profile/Herbert_Jaeger3/publication/215385037_The_echo_state_approach_to_analysing_and_training_recurrent_neural_networks-with_an_erratum_note'/links/566a003508ae62b05f027be3/The-echo-state-approach-to-analysing-and-training-recurrent-neural-networks-with-an-erratum-note.pdf}
}

@ARTICLE{jaeger2002,
    author = {Jaeger, Herbert},
    title = {Short term memory in echo state networks},
    journal = {Bonn, Germany: German National Research Center for Information Technology GMD Technical Report},
    volume = {152},
    year = {2002},
    url = {https://www.researchgate.net/publication/247514367_Short_Term_Memory_in_Echo_State_Networks}
}

@ARTICLE{jaeger2007,
 title = {Optimization and applications of echo state networks with leaky- integrator neurons},
 author = {Jaeger, Herbert and Luko{\v{s}}evi{\v{c}}ius, Mantas and Popovici, Dan and Siewert, Udo},
 journal = {Neural Networks},
 number = {3},
 pages = {335--352},
 volume = {20},
 year = {2007},
 doi = {10.1016/j.neunet.2007.04.016},
 url = {https://doi.org/10.1016/j.neunet.2007.04.016}
}

@BOOK{kantz1997,
 author = {Kantz, Holger and Schreiber, Thomas},
 db = {/z-wcorg/},
 dp = {http://worldcat.org},
 id = {35842561},
 isbn = {0521551447 9780521551441 0521653878 9780521653879},
 la = {English},
 publisher = {Cambridge University Press},
 title = {Nonlinear time series analysis},
 ty = {BOOK},
 year = {1997},
 pages={33--36, 58--62},
 url = {https://worldcat.org/oclc/35842561}
}

@ARTICLE{kuramoto1976,
 author = {Kuramoto, Yoshiki and Tsuzuki, Toshio},
 title = {Persistent Propagation of Concentration Waves in Dissipative Media Far from Thermal Equilibrium},
 journal = {Progress of Theoretical Physics},
 volume = {55},
 number = {2},
 pages = {356-369},
 year = {1976},
 doi = {10.1143/PTP.55.356},
 url = {https://doi.org/10.1143/PTP.55.356}
}

@INPROCEEDINGS{lecun1998,
 title = {Gradient-based learning applied to document recognition},
 author = {LeCun, Yann and Bottou, L{\'e}on and Bengio, Yoshua and Haffner, Patrick},
 booktitle = {Proceedings of the IEEE},
 volume = {86},
 pages = {2278--2324},
 year = {1998},
 publisher = {IEEE},
 doi = {10.1109/5.726791},
 url = {https://doi.org/10.1109/5.726791}
}

@ARTICLE{lonnblad1992,
 title = {Mass reconstruction with a neural network},
 journal = {Physics Letters B},
 volume = {278},
 number = {1},
 pages = {181--186},
 year = {1992},
 issn = {0370-2693},
 doi = {10.1016/0370-2693(92)90731-I},
 url = {https://doi.org/10.1016/0370-2693(92)90731-I},
 author = {L\"onnblad, L. and Peterson, C. and R\"ognvaldsson, T.}
}

@ARTICLE{lorenz1963,
 author = {Lorenz, Edward N.},
 title = {Deterministic Nonperiodic Flow},
 journal = {Journal of the Atmospheric Sciences},
 volume = {20},
 number = {2},
 pages = {130-141},
 year = {1963},
 doi = {10.1175/1520-0469(1963)020<0130:DNF>2.0.CO;2},
 url = {https://doi.org/10.1175/1520-0469(1963)020<0130:DNF>2.0.CO;2}
}

@ARTICLE{lorenz1969,
 author = { Edward N.  Lorenz },
 title = {Atmospheric Predictability as Revealed by Naturally Occurring Analogues},
 journal = {Journal of the Atmospheric Sciences},
 volume = {26},
 number = {4},
 pages = {636-646},
 year = {1969},
 doi = {10.1175/1520-0469(1969)26<636:APARBN>2.0.CO;2},
 url = {https://doi.org/10.1175/1520-0469(1969)26<636:APARBN>2.0.CO;2}
}

@ARTICLE{lu2017,
 author = {Lu, Zhixin and Pathak, Jaideep and Hunt, Brian and Girvan, Michelle and Brockett, Roger and Ott, Edward},
 title = {Reservoir observers: Model-free inference of unmeasured variables in chaotic systems},
 journal = {Chaos: An Interdisciplinary Journal of Nonlinear Science},
 volume = {27},
 number = {4},
 pages = {041102},
 year = {2017},
 doi = {10.1063/1.4979665},
 url = {https://doi.org/10.1063/1.4979665}
}

@article{lu2018,
  author = {Lu,Zhixin  and Hunt,Brian R.  and Ott,Edward },
  title = {Attractor reconstruction by machine learning},
  journal = {Chaos: An Interdisciplinary Journal of Nonlinear Science},
  volume = {28},
  number = {6},
  pages = {061104},
  year = {2018},
  doi = {10.1063/1.5039508},
  url = {https://doi.org/10.1063/1.5039508},
}

@ARTICLE{lu2020,
  author = {Lu,Zhixin  and Bassett,Danielle S. },
  title = {Invertible generalized synchronization: A putative mechanism for implicit learning in neural systems},
  journal = {Chaos: An Interdisciplinary Journal of Nonlinear Science},
  volume = {30},
  number = {6},
  pages = {063133},
  year = {2020},
  doi = {10.1063/5.0004344},
  url = {https://doi.org/10.1063/5.0004344}
}

@ARTICLE{lukosevicius2009,
 title = {Reservoir computing approaches to recurrent neural network training},
 journal = {Computer Science Review},
 volume = {3},
 number = {3},
 pages = {127 - 149},
 year = {2009},
 issn = {1574-0137},
 doi = {10.1016/j.cosrev.2009.03.005},
 url = {https://doi.org/10.1016/j.cosrev.2009.03.005},
 author = {Mantas Luko\v{s}evi\v{c}ius and Herbert Jaeger}
}

@INBOOK{lukosevicius2012,
 author = {Luko{\v{s}}evi{\v{c}}ius, Mantas},
 editor = {Montavon, Gr{\'e}goire and Orr, Genevi{\`e}ve B. and M{\"u}ller, Klaus-Robert},
 title = {A Practical Guide to Applying Echo State Networks},
 booktitle = {Neural Networks: Tricks of the Trade: Second Edition},
 year = {2012},
 publisher = {Springer Berlin Heidelberg},
 address = {Berlin, Heidelberg},
 pages = {659--686},
 isbn = {978-3-642-35289-8},
 doi = {10.1007/978-3-642-35289-8_36},
 url = {https://doi.org/10.1007/978-3-642-35289-8_36}
}

@ARTICLE{lymburn2019,
  author = {Lymburn,Thomas  and Walker,David M.  and Small,Michael  and J{\"{u}}ngling,Thomas},
  title = {The reservoir's perspective on generalized synchronization},
  journal = {Chaos: An Interdisciplinary Journal of Nonlinear Science},
  volume = {29},
  number = {9},
  pages = {093133},
  year = {2019},
  doi = {10.1063/1.5120733},
  url = {https://doi.org/10.1063/1.5120733}
}

@INPROCEEDINGS{maat2018,
 author = {Maat, Jacob Reinier and Gianniotis, Nikos and Protopapas, Pavlos},
 booktitle = {International Joint Conference on Neural Networks (IJCNN)},
 month = {07},
 title = {Efficient Optimization of Echo State Networks for Time Series Datasets},
 year = {2018},
 doi = {10.1109/IJCNN.2018.8489094},
 url = {https://doi.org/10.1109/IJCNN.2018.8489094}
}

@article{mackey1977,
  author = {Mackey, Michael C. and Glass, Leon},
  title = {Oscillation and chaos in physiological control systems},
  volume = {197},
  number = {4300},
  pages = {287--289},
  year = {1977},
  doi = {10.1126/science.267326},
  publisher = {American Association for the Advancement of Science},
  issn = {0036-8075},
  url = {https://doi.org/10.1126/science.267326},
  journal = {Science}
}

@ARTICLE{oord2016,
  author    = {A{\"{a}}ron van den Oord and
               Sander Dieleman and
               Heiga Zen and
               Karen Simonyan and
               Oriol Vinyals and
               Alex Graves and
               Nal Kalchbrenner and
               Andrew W. Senior and
               Koray Kavukcuoglu},
  title     = {WaveNet: {A} Generative Model for Raw Audio},
  journal   = {CoRR},
  year      = {2016},
  archivePrefix = {arXiv},
  eprint    = {1609.03499},
  primaryClass = {cs.SD},
  timestamp = {Wed, 07 Jun 2017 14:42:54 +0200},
}

@ARTICLE{pathak2017,
 author = {Pathak, Jaideep and Lu, Zhixin and Hunt, Brian R. and Girvan, Michelle and Ott, Edward},
 title = {Using machine learning to replicate chaotic attractors and calculate Lyapunov exponents from data},
 journal = {Chaos: An Interdisciplinary Journal of Nonlinear Science},
 volume = {27},
 pages = {121102},
 year = {2017},
 doi = {10.1063/1.5010300},
 url = {https://doi.org/10.1063/1.5010300}
}

@ARTICLE{pathak2018,
  title = {Model-Free Prediction of Large Spatiotemporally Chaotic Systems from Data: A Reservoir Computing Approach},
  author = {Pathak, Jaideep and Hunt, Brian and Girvan, Michelle and Lu, Zhixin and Ott, Edward},
  journal = {Phys. Rev. Lett.},
  volume = {120},
  issue = {2},
  pages = {024102},
  numpages = {5},
  year = {2018},
  month = {Jan},
  publisher = {American Physical Society},
  doi = {10.1103/PhysRevLett.120.024102},
  url = {https://doi.org/10.1103/PhysRevLett.120.024102}
}

@ARTICLE{rodan2011,
 author = {Rodan, Ali and Ti{\v{n}}o, Peter},
 title = {Minimum Complexity Echo State Network},
 journal = {IEEE Transactions on Neural Networks},
 volume = {22},
 issue = {1},
 year = {2011},
 pages = {131--144},
 doi = {10.1109/TNN.2010.2089641},
 url = {https://doi.org/10.1109/TNN.2010.2089641}
}

@ARTICLE{rossler1976,
 title = {An equation for continuous chaos},
 journal = {Physics Letters A},
 volume = {57},
 number = {5},
 pages = {397--398},
 year = {1976},
 issn = {0375-9601},
 author = {R{\"{o}}ssler, Otto E.},
 doi = {10.1016/0375-9601(76)90101-8},
 url = {https://doi.org/10.1016/0375-9601(76)90101-8}
}

@INBOOK{scott1992,
 author = {Scott, David W.},
 title = {Multivariate Density Estimation: Theory, Practice, and Visualization},
 year = {1992},
 publisher = {Wiley},
 address = {Berlin, Heidelberg},
 edition = {First},
 isbn = {978-0-471-54770-9},
}

@ARTICLE{siegelmann1997,
 author = {Hava T. {Siegelmann} and Bill G. {Horne} and C. Lee {Giles}},
 journal = {IEEE Transactions on Systems, Man, and Cybernetics, Part B (Cybernetics)},
 title = {Computational capabilities of recurrent NARX neural networks},
 year = {1997},
 volume = {27},
 number = {2},
 pages = {208-215},
 doi = {10.1109/3477.558801},
 unl = {https://doi.org/10.1109/3477.558801}
}

@INPROCEEDINGS{simard2003,
 author = {Simard, Patrice Y. and Steinkraus, Dave and Platt, John C.},
 title = {Best Practices for Convolutional Neural Networks Applied to Visual Document Analysis},
 booktitle = {Proceedings of the Seventh International Conference on Document Analysis and Recognition},
 volume = {2},
 series = {ICDAR '03},
 year = {2003},
 isbn = {0-7695-1960-1},
 pages = {958--963},
 url = {https://dl.acm.org/citation.cfm?id=938980.939477},
 acmid = {939477},
 publisher = {IEEE},
}

@ARTICLE{sivashinsky1982,
 title = {Large cells in nonlinear marangoni convection},
 journal = {Physica D: Nonlinear Phenomena},
 volume = {4},
 number = {2},
 pages = {227 - 235},
 year = {1982},
 issn = {0167-2789},
 doi = {10.1016/0167-2789(82)90063-X},
 url = {https://doi.org/10.1016/0167-2789(82)90063-X},
 author = {Sivashinsky, G.~I.}
}

@MISC{skopt2018,
 author = {{The scikit-optimize contributors}},
 title = {scikit-optimize/scikit-optimize: v0.5.2},
 month = mar,
 year = 2018,
 doi = {10.5281/zenodo.1207017},
 url = {https://doi.org/10.5281/zenodo.1207017}
}

@INBOOK{takens1981,
 author={Takens, Floris},
 editor={Rand, David and Young, Lai-Sang},
 bookTitle={Dynamical Systems and Turbulence, Warwick 1980: Proceedings of a Symposium Held at the University of Warwick 1979/80},
 year={1981},
 publisher={Springer Berlin Heidelberg},
 address={Berlin, Heidelberg},
 pages={366--381},
 isbn={978-3-540-38945-3},
 doi={10.1007/BFb0091924},
 url={https://doi.org/10.1007/BFb009192}
}

@ARTICLE{yperman2016,
 author = {Yperman, Jan and Becker, Thijs},
 title = {Bayesian optimization of hyper-parameters in reservoir computing},
 journal = {CoRR},
 year = {2016},
 archivePrefix = {arXiv},
 eprint = {1611.05193},
 primaryClass = {cs.LG},
 timestamp = {Wed, 14 Jun 2017 13:26:38 UTC},
 url = {https://arxiv.org/abs/1611.05193}
}
